@misc{papilio,
  author = {Gadget Factory},
  title = {Papilio DUO Hardware Guide},
  howpublished = {http://www.papilio.cc},
  note = {Accessed: 2015-11-15}
}